<record><leader>00000cas a2200000   4500</leader><controlfield tag="001">5002213</controlfield><controlfield tag="008">790525c19uu9999flumr ne      0   a0eng d</controlfield><controlfield tag="009">467</controlfield><datafield ind1=" " ind2=" " tag="010"><subfield code="a">sn 79002975 </subfield></datafield><datafield ind1=" " ind2=" " tag="040"><subfield code="a">NSD</subfield><subfield code="b">eng</subfield><subfield code="c">NSD</subfield><subfield code="d">OCL</subfield><subfield code="d">OCLCQ</subfield></datafield><datafield ind1=" " ind2=" " tag="012"><subfield code="j">0</subfield><subfield code="k">1</subfield><subfield code="m">1</subfield></datafield><datafield ind1="1" ind2=" " tag="022"><subfield code="a">0192-0340</subfield><subfield code="l">0192-0340</subfield><subfield code="2">1</subfield></datafield><datafield ind1=" " ind2=" " tag="032"><subfield code="a">491370</subfield><subfield code="b">USPS</subfield></datafield><datafield ind1=" " ind2=" " tag="042"><subfield code="a">nsdp</subfield></datafield><datafield ind1=" " ind2="0" tag="222"><subfield code="a">Offroad east</subfield></datafield><datafield ind1="0" ind2="0" tag="245"><subfield code="a">Offroad east.</subfield></datafield><datafield ind1="1" ind2="0" tag="246"><subfield code="a">Off road east</subfield></datafield><datafield ind1="1" ind2="3" tag="246"><subfield code="a">Offroad &amp; van east</subfield></datafield><datafield ind1=" " ind2=" " tag="260"><subfield code="a">Sarosata, Fla.,</subfield><subfield code="b">Intra-South Publications, Inc.</subfield></datafield><datafield ind1=" " ind2=" " tag="936"><subfield code="a">Oct. 1982</subfield></datafield></record>